%%%%%%%%%%%%%%%%%%%%%%%%%%%%%%%%%%%%%%%%%%%%%%%%%%%%%%%%%%%%%%%%%%%%%%%%%%%%%%%%
% MY PAPERS %%%%%%%%%%%%%%%%%%%%%%%%%%%%%%%%%%%%%%%%%%%%%%%%%%%%%%%%%%%%%%%%%%%%
%%%%%%%%%%%%%%%%%%%%%%%%%%%%%%%%%%%%%%%%%%%%%%%%%%%%%%%%%%%%%%%%%%%%%%%%%%%%%%%%

@mastersthesis{stocco2019valutazione,
  author = {Stocco, Davide},
  school = {University of Trento},
  title  = {Valutazione Real-Time del Contatto Pneumatico/Strada con Algorimi Dedicati (in Italian)},
  year   = {2019}
}

@article{stocco2021acme,
  title     = {{ACME}: A small 3D geometry library},
  volume    = {16},
  issn      = {2352-7110},
  doi       = {10.1016/j.softx.2021.100845},
  journal   = {SoftwareX},
  publisher = {Elsevier BV},
  author    = {Stocco, Davide and Bertolazzi, Enrico},
  year      = {2021},
  month     = {12},
  pages     = {100845}
}

%%%%%%%%%%%%%%%%%%%%%%%%%%%%%%%%%%%%%%%%%%%%%%%%%%%%%%%%%%%%%%%%%%%%%%%%%%%%%%%%
% ACME %%%%%%%%%%%%%%%%%%%%%%%%%%%%%%%%%%%%%%%%%%%%%%%%%%%%%%%%%%%%%%%%%%%%%%%%%
%%%%%%%%%%%%%%%%%%%%%%%%%%%%%%%%%%%%%%%%%%%%%%%%%%%%%%%%%%%%%%%%%%%%%%%%%%%%%%%%

@article{bertolazzi2020efficient,
  title     = {Efficient intersection between splines of clothoids},
  volume    = {176},
  issn      = {0378-4754},
  doi       = {10.1016/j.matcom.2019.10.001},
  journal   = {Mathematics and Computers in Simulation},
  publisher = {Elsevier BV},
  author    = {Bertolazzi, Enrico and Bevilacqua, Paolo and Frego, Marco},
  year      = {2020},
  month     = {10},
  pages     = {57-72}
}

@article{frego2019pointcoloud,
  title     = {Point-Clothoid Distance and Projection Computation},
  volume    = {41},
  issn      = {1095-7197},
  doi       = {10.1137/18m1200439},
  number    = {5},
  journal   = {SIAM Journal on Scientific Computing},
  publisher = {Society for Industrial & Applied Mathematics (SIAM)},
  author    = {Frego, Marco and Bertolazzi, Enrico},
  year      = {2019},
  month     = {1},
  pages     = {A3326-A3353}
}

@article{eloe2014dual,
  title     = {Dual graph partitioning for Bottom-Up BVH construction},
  volume    = {25},
  issn      = {1045-926X},
  doi       = {10.1016/j.jvlc.2014.09.014},
  number    = {6},
  journal   = {Journal of Visual Languages and Computing},
  publisher = {Elsevier BV},
  author    = {Eloe, Nathan W. and Steurer, Joseph A. and Leopold, Jennifer L. and Sabharwal, Chaman L.},
  year      = {2014},
  month     = {12},
  pages     = {764-771}
}

@article{piccinini2022predictive,
  title     = {A predictive neural hierarchical framework for on-line time-optimal motion planning and control of black-box vehicle models},
  volume    = {61},
  issn      = {1744-5159},
  doi       = {10.1080/00423114.2022.2035776},
  number    = {1},
  journal   = {Vehicle System Dynamics},
  publisher = {Taylor & Francis},
  author    = {Piccinini,  Mattia and Larcher,  Matteo and Pagot,  Edoardo and Piscini,  Davide and Pasquato,  Leone and Biral,  Francesco},
  year      = {2022},
  month     = {2},
  pages     = {83-110}
}

@inbook{asyrani2012bounding,
  title     = {Bounding Volume Hierarchies for Collision Detection},
  doi       = {10.5772/35555},
  booktitle = {Computer Graphics},
  publisher = {InTech},
  author    = {Asyrani, Hamzah and Bade, Abdullah},
  year      = {2012},
  month     = {3}
}

@inproceedings{xing2010efficient,
  title     = {Efficient collision detection based on AABB trees and sort algorithm},
  doi       = {10.1109/icca.2010.5524093},
  booktitle = {IEEE ICCA 2010},
  publisher = {IEEE},
  author    = {Xing, Yi-Si and Liu, Xiaoping P. and Xu, Shao-Ping},
  year      = {2010},
  month     = {6}
}

@phdthesis{larsson2009adaptive,
  author = {Larsson, Thomas},
  title  = {Adaptive Bounding Volume Hierarchies for Efficient Collision Queries},
  number = {71},
  month  = {1},
  year   = {2009},
  school = {M{\"a}lardalen University Press}
}

@techreport{omohundro1989five,
  author    = {Omohundro, Stephen M.},
  publisher = {International Computer Science Institute Berkeley},
  title     = {Five balltree construction algorithms},
  year      = {1989},
  month     = {12},
  number    = {TR-89-063}
}

@book{anderson1999lapack,
  address   = {Philadelphia, Pennsylvania, USA},
  author    = {Anderson, Edward and Bai, Zhaojun and Bischof, Christian and Blackford, L Susan and Demmel, James and Dongarra, Jack and Du Croz, Jeremy and Greenbaum, Anne and Hammarling, Sven and McKenney, Alan and others},
  edition   = {3rd},
  publisher = {{SIAM}},
  title     = {{LAPACK} Users' Guide},
  year      = {1999}
}

@book{cgal2023cgal,
  author    = {{The CGAL Project}},
  edition   = {{5.6}},
  publisher = {{CGAL Editorial Board}},
  title     = {{CGAL} User and Reference Manual},
  year      = {2023},
  url       = {https://doc.cgal.org/5.6/Manual/packages.html}
}

@book{stroustrup2013cpp,
  author    = {Stroustrup, Bjarne},
  title     = {The C++ Programming Language},
  year      = {2013},
  isbn      = {0321563840},
  publisher = {Addison-Wesley Professional},
  edition   = {4th}
}

@book{ericson2004realtime,
  author    = {Ericson, Christer},
  title     = {Real-Time Collision Detection},
  year      = {2004},
  isbn      = {1558607323},
  publisher = {CRC Press},
  address   = {USA}
}

@book{eberly2020robust,
  author    = {Eberly, Dave},
  publisher = {CRC Press},
  title     = {Robust and Error-Free Geometric Computing},
  year      = {2020},
  edition   = {1st},
  doi       = {10.1201/9780429330506}
}

@book{schneider2002geometric,
  author    = {Schneider, Philip J. and Eberly, David},
  title     = {Geometric Tools for Computer Graphics},
  year      = {2002},
  isbn      = {1558605940},
  publisher = {Elsevier Science Inc.},
  address   = {USA}
}

@book{glassner1990graphics,
  editor    = {Glassner, Andrew S.},
  title     = {Graphics gems},
  year      = {1990},
  isbn      = {0122861663},
  publisher = {Academic Press Professional, Inc.},
  address   = {New York, USA}
}

@book{arvo1991graphics,
  author    = {Arvo, James},
  title     = {Graphic Gems II},
  year      = {1991},
  isbn      = {0120644819},
  publisher = {Academic Press Professional, Inc.},
  address   = {New York, USA}
}

@book{kirk1992graphics,
  author    = {Kirk, David},
  title     = {Graphic Gems III},
  year      = {1992},
  isbn      = {0124096735},
  publisher = {Academic Press Professional, Inc.},
  address   = {New York, USA}
}

@book{heckbert1994graphics,
  author    = {Heckbert, Paul},
  title     = {Graphic Gems IV},
  year      = {1994},
  isbn      = {0123361559},
  publisher = {Academic Press Professional, Inc.},
  address   = {New York, USA}
}

@book{paeth1995graphics,
  author    = {Paeth, Alan},
  title     = {Graphic Gems V},
  year      = {1995},
  isbn      = {0125434553},
  publisher = {Academic Press Professional, Inc.},
  address   = {New York, USA}
}

@book{vandenbergen2003collision,
  author    = {van den Bergen, Gino},
  title     = {Collision Detection in Interactive 3D Environments},
  isbn      = {9780429176364},
  doi       = {10.1201/9781482297997},
  publisher = {CRC Press},
  year      = {2003},
  month     = {10}
}

@book{pacejka2012tire,
  author    = {Pacejka, Hans B.},
  edition   = {Third Edition},
  isbn      = {978-0-08-097016-5},
  publisher = {Butterworth-Heinemann},
  title     = {Tire and Vehicle Dynamics},
  edition   = {3rd},
  year      = {2012}
}

@misc{eigen2010eigen,
  author = {Guennebaud, Ga\"{e}l and Jacob, Beno\^{i}t and others},
  url    = {http://eigen.tuxfamily.org},
  title  = {Eigen v3},
  year   = {2010}
}

@misc{libigl2018libigl,
  author = {Jacobson, Alec and Panozzo, Daniele and others},
  url    = {https://libigl.github.io/},
  title  = {{libigl}: A simple {C++} geometry processing library},
  year   = {2018}
}
